<?xml version="1.0"?>
<marc:records xmlns:marc="http://www.loc.gov/MARC21/slim" xmlns:xsi="http://www.w3.org/2001/XMLSchema-instance" xsi:schemaLocation="http://www.loc.gov/MARC21/slim http://www.loc.gov/standards/marcxml/schema/MARC21slim.xsd">
  <marc:record>
    <marc:leader>07310ctm a2200829Ia 4500</marc:leader>
    <marc:controlfield tag="001">9950293063503681</marc:controlfield>
    <marc:controlfield tag="005">20211011114818.0</marc:controlfield>
    <marc:controlfield tag="008">110817q14011404pau           000 0 lat d</marc:controlfield>
    <marc:datafield ind1=" " ind2=" " tag="035">
  <marc:subfield code="a">(OCoLC)ocn747040017</marc:subfield>
</marc:datafield>
    <marc:datafield ind1=" " ind2=" " tag="035">
  <marc:subfield code="a">(OCoLC)747040017</marc:subfield>
</marc:datafield>
    <marc:datafield ind1=" " ind2=" " tag="035">
  <marc:subfield code="a">(PU)5029306-penndb-Voyager</marc:subfield>
</marc:datafield>
    <marc:datafield ind1=" " ind2=" " tag="040">
  <marc:subfield code="a">PU</marc:subfield>
  <marc:subfield code="e">amremm</marc:subfield>
  <marc:subfield code="c">PAULM</marc:subfield>
  <marc:subfield code="d">OCLCG</marc:subfield>
  <marc:subfield code="d">PAULM</marc:subfield>
</marc:datafield>
    <marc:datafield ind1=" " ind2=" " tag="049">
  <marc:subfield code="a">PAUM</marc:subfield>
</marc:datafield>
    <marc:datafield ind1=" " ind2=" " tag="079">
  <marc:subfield code="a">ocn122691510</marc:subfield>
</marc:datafield>
    <marc:datafield ind1=" " ind2="9" tag="099">
  <marc:subfield code="a">LJS 174</marc:subfield>
</marc:datafield>
    <marc:datafield ind1="0" ind2=" " tag="130">
  <marc:subfield code="a">Alphonsine Tables.</marc:subfield>
</marc:datafield>
    <marc:datafield ind1="1" ind2="0" tag="245">
  <marc:subfield code="a">Tabule illustrissimi principis regis alfonsii ... [etc.]</marc:subfield>
  <marc:subfield code="h">[manuscript].</marc:subfield>
</marc:datafield>
    <marc:datafield ind1=" " ind2=" " tag="260">
  <marc:subfield code="a">[Prague],</marc:subfield>
  <marc:subfield code="c">1401-1404.</marc:subfield>
</marc:datafield>
    <marc:datafield ind1=" " ind2=" " tag="300">
  <marc:subfield code="a">142 leaves :</marc:subfield>
  <marc:subfield code="b">paper ;</marc:subfield>
  <marc:subfield code="c">295 x 225 mm. bound to 295 x 236 mm. +</marc:subfield>
  <marc:subfield code="e">2 notes.</marc:subfield>
</marc:datafield>
    <marc:datafield ind1=" " ind2=" " tag="500">
  <marc:subfield code="a">Title for manuscript taken from rubric for predominant work (f. 1r).</marc:subfield>
</marc:datafield>
    <marc:datafield ind1=" " ind2=" " tag="500">
  <marc:subfield code="a">Origin:  Written in Prague from 1401 to 1404 (f. 23r, 76v).</marc:subfield>
</marc:datafield>
    <marc:datafield ind1=" " ind2=" " tag="500">
  <marc:subfield code="a">Binding:  Contemporary limp vellum; lower cover originally wrapped around upper cover with remnants of string ties; leather spine with leather button at head; spine label with title Astronomica manuscripta written in ink; former shelf marks on labels, 32, 251, 355.</marc:subfield>
</marc:datafield>
    <marc:datafield ind1=" " ind2=" " tag="500">
  <marc:subfield code="a">Ms. codex.</marc:subfield>
</marc:datafield>
    <marc:datafield ind1=" " ind2=" " tag="500">
  <marc:subfield code="a">Script:  Written in Gothic cursive script by multiple hands.</marc:subfield>
</marc:datafield>
    <marc:datafield ind1=" " ind2=" " tag="500">
  <marc:subfield code="a">Layout:  Text pages written in both 2 columns of 45-57 lines and 36-52 long lines; tables in various arrangements of columns and rows.  Pricking visible on up to 3 sides on many leaves in the first half of the manuscript (f. 1-68).</marc:subfield>
</marc:datafield>
    <marc:datafield ind1=" " ind2=" " tag="500">
  <marc:subfield code="a">Foliation:  Paper, i + 142 + i; 1&#xB9;&#xB2; 2&#xB9;&#x2076;(-2) 3-4&#xB9;&#xB2; 5&#xB9;&#x2078; 6-8&#xB9;&#xB2; 9&#xB9;&#x2070; 10&#xB9;&#x2076; 11&#xB9;&#xB2; 12&#xB9;&#xB2;(-2); 1-4, [5-8], 9-12, [13-142], contemporary foliation in ink, modern foliation in pencil, lower right recto.</marc:subfield>
</marc:datafield>
    <marc:datafield ind1=" " ind2=" " tag="500">
  <marc:subfield code="a">Decoration:  Tables in red and brown ink; red initials (1 topped with a drawing of a crown in red ink, f. 69r), rubrics, paragraph marks, and initials touched with red in text pages; occasional manicules (f. 26r, 110v, 124r).</marc:subfield>
</marc:datafield>
    <marc:datafield ind1="0" ind2=" " tag="505">
  <marc:subfield code="a">5. f.77r-80v:  [Canon?, incipit:  Nota modum inveniendi radicem quamlibet ... (Thorndike-Kibre, 930), with paragraphs by Ma&#x304;sha&#x304;&#x2BC;alla&#x304;h]</marc:subfield>
</marc:datafield>
    <marc:datafield ind1="0" ind2=" " tag="505">
  <marc:subfield code="a">4. f.69r-76v:  [Canons for the Alphonsine Tables, incipit:  Tempus est mensura motus ... (Thorndike-Kibre, 1559) / John of Saxony]</marc:subfield>
</marc:datafield>
    <marc:datafield ind1="0" ind2=" " tag="505">
  <marc:subfield code="a">7. f.104r-104v:  [Computus, incipit:  Cum secundum cursum solis et lune ecclesia sua festa ...]</marc:subfield>
</marc:datafield>
    <marc:datafield ind1="0" ind2=" " tag="505">
  <marc:subfield code="a">8. f.105r-105v:  [Presagia pluviarum, incipit:  Si sol fuerit in emisperio australi et venus sub radiis ... (Thorndike-Kibre, 1465)]</marc:subfield>
</marc:datafield>
    <marc:datafield ind1="0" ind2=" " tag="505">
  <marc:subfield code="a">9. f.105v-120v:  [Canones tabularum Alphonsinarum, incipit:  Licet multi libri sint conscripti ... (Thorndike-Kibre, 828) / Henricus Selder]</marc:subfield>
</marc:datafield>
    <marc:datafield ind1="0" ind2=" " tag="505">
  <marc:subfield code="a">10. f.121r-132v:  Devotica duodecim domorum per quam scitur que sunt [incipit:  Domorum duodecim que nobis computant firmamentum ... (Thorndike-Kibre, 467)]</marc:subfield>
</marc:datafield>
    <marc:datafield ind1="0" ind2=" " tag="505">
  <marc:subfield code="a">11. f.133r-142v:  [Canons for the Alphonsine Tables, incipit:  Tempus est mensura motus ... (Thorndike-Kibre, 1559) / John of Saxony]</marc:subfield>
</marc:datafield>
    <marc:datafield ind1="0" ind2=" " tag="505">
  <marc:subfield code="a">3. f.27r-68v:  [Alphonsine Tables, continued from Work 1 and completed]</marc:subfield>
</marc:datafield>
    <marc:datafield ind1="0" ind2=" " tag="505">
  <marc:subfield code="a">2. f.25v-26v:  Canon [incipit:  Notandum quod totus zodiacus ...]</marc:subfield>
</marc:datafield>
    <marc:datafield ind1="0" ind2=" " tag="505">
  <marc:subfield code="a">1. f.1r-25v: Tabule illustrissimi principis regis alfonsii pie memorie.</marc:subfield>
</marc:datafield>
    <marc:datafield ind1="0" ind2=" " tag="505">
  <marc:subfield code="a">6. f.81r-103v:  [Canon on primum mobile, incipit:  Cuiuslibet arcus prepositi sinum rectum invenire ... (Thorndike-Kibre, 276) / Jean de Lignie&#x300;res]</marc:subfield>
</marc:datafield>
    <marc:datafield ind1="4" ind2=" " tag="510">
  <marc:subfield code="a">Described in Transformation of knowledge:  early manuscripts from the collection of Lawrence J. Schoenberg (London: Paul Holberton, 2006),</marc:subfield>
  <marc:subfield code="c">p. 68-69 (LJS 174).</marc:subfield>
</marc:datafield>
    <marc:datafield ind1="4" ind2=" " tag="510">
  <marc:subfield code="a">Component texts listed (as found in Zinner) in Thorndike, Lynn, and Kibre, Pearl.  Catalogue of incipits of mediaeval scientific writings in Latin (Cambridge, Mass.:  Mediaeval Academy of America, 1963),</marc:subfield>
  <marc:subfield code="c">col. 467 (Work 10, listed as Domorum duodecim, Zi 3918), col. 930 (Work 5, listed as Nota modum inveniendi, Zi 546), col. 828 (Work 9, listed as Licet multi libri sint conscripti, Zi 9602).</marc:subfield>
</marc:datafield>
    <marc:datafield ind1="4" ind2=" " tag="510">
  <marc:subfield code="a">Component texts listed (as from Tam. E. 355) in Zinner, E.  Verzeichnis der astronomischen Handschriften des deutschen Kulturgebietes (Munich:  C. H. Beck, 1925),</marc:subfield>
  <marc:subfield code="c">p. 32 (no. 546, Work 5), p. 78 (no. 2106, Work 4 and 11, John of Saxony listed as Johann Dank), p. 131 (no. 3918, Work 10), p. 206 (no. 6558, Work 6), p. 297 (no. 9602, Work 9, with manuscript erroneously numbered E. 255).</marc:subfield>
</marc:datafield>
    <marc:datafield ind1=" " ind2=" " tag="520">
  <marc:subfield code="a">A full set of Alphonsine Tables (including tables for mean motions, conjunctions of sun and moon, equation of time, spherical astronomy, longitudes and latitudes of cities, star tables, eclipse tables).  The manuscript also includes works about the Alphonsine Tables, such as canons to the Alphonsine Tables by the 14th-century astronomers John of Saxony, Jean de Lignie&#x300;res (also known as Johannes de Lineriis) and Henricus Selder,  and an unattributed explanation of corrections made to the tables for use in Prague, accompanied by a few paragraphs on weather prediction by the Baghdad-born Jewish astronomer and astrologer Ma&#x304;sha&#x304;&#x2BC;alla&#x304;h, who died in the 9th century.  2 small pieces of paper containing contemporary fragments of similar text and tables laid in.  4 leaves cut out (2 after f. 12, 2 at end of manuscript); much of 1 leaf torn off (f. 84).</marc:subfield>
</marc:datafield>
    <marc:datafield ind1=" " ind2=" " tag="524">
  <marc:subfield code="a">LJS 174</marc:subfield>
</marc:datafield>
    <marc:datafield ind1=" " ind2=" " tag="546">
  <marc:subfield code="a">Latin.</marc:subfield>
</marc:datafield>
    <marc:datafield ind1="1" ind2=" " tag="561">
  <marc:subfield code="a">Acquired by Lawrence J. Schoenberg with other Stanitz manuscripts, Sept. 1997.</marc:subfield>
</marc:datafield>
    <marc:datafield ind1="1" ind2=" " tag="561">
  <marc:subfield code="a">Deposit by Lawrence J. Schoenberg and Barbara Brizdle, 2011.</marc:subfield>
</marc:datafield>
    <marc:datafield ind1="1" ind2=" " tag="561">
  <marc:subfield code="a">Appears in an H. P. Kraus catalog, 1987.</marc:subfield>
</marc:datafield>
    <marc:datafield ind1="1" ind2=" " tag="561">
  <marc:subfield code="a">Sold at auction at Sotheby's, 25 June 1985, lot 72.</marc:subfield>
</marc:datafield>
    <marc:datafield ind1="1" ind2=" " tag="561">
  <marc:subfield code="a">Formerly owned by John D. Stanitz (Cleveland, Ohio), Ms. 5.</marc:subfield>
</marc:datafield>
    <marc:datafield ind1="1" ind2=" " tag="561">
  <marc:subfield code="a">Formerly in the library of the Counts of Ortenburg at Tambach Castle, Ms. E. 355 (spine label).</marc:subfield>
</marc:datafield>
    <marc:datafield ind1=" " ind2=" " tag="590">
  <marc:subfield code="a">Lawrence J. Schoenberg &amp; Barbara Brizdle Manuscript Initiative.</marc:subfield>
</marc:datafield>
    <marc:datafield ind1=" " ind2="0" tag="650">
  <marc:subfield code="a">Astronomy</marc:subfield>
  <marc:subfield code="v">Early works to 1800.</marc:subfield>
</marc:datafield>
    <marc:datafield ind1=" " ind2="0" tag="650">
  <marc:subfield code="a">Astronomy, Medieval.</marc:subfield>
</marc:datafield>
    <marc:datafield ind1=" " ind2="7" tag="655">
  <marc:subfield code="a">Codices.</marc:subfield>
  <marc:subfield code="2">aat</marc:subfield>
</marc:datafield>
    <marc:datafield ind1=" " ind2="7" tag="655">
  <marc:subfield code="a">Tables (documents)</marc:subfield>
  <marc:subfield code="2">aat</marc:subfield>
</marc:datafield>
    <marc:datafield ind1=" " ind2="0" tag="655">
  <marc:subfield code="a">Manuscripts, Latin</marc:subfield>
  <marc:subfield code="y">15th century.</marc:subfield>
</marc:datafield>
    <marc:datafield ind1=" " ind2="0" tag="655">
  <marc:subfield code="a">Manuscripts, Renaissance.</marc:subfield>
</marc:datafield>
    <marc:datafield ind1=" " ind2="0" tag="655">
  <marc:subfield code="a">Manuscripts, Medieval.</marc:subfield>
</marc:datafield>
    <marc:datafield ind1="0" ind2="2" tag="700">
  <marc:subfield code="a">John,</marc:subfield>
  <marc:subfield code="c">of Saxony,</marc:subfield>
  <marc:subfield code="d">fl. 1327-1355.</marc:subfield>
  <marc:subfield code="t">Canons.</marc:subfield>
</marc:datafield>
    <marc:datafield ind1="0" ind2="2" tag="700">
  <marc:subfield code="a">Ma&#x304;sha&#x304;&#x2BE;alla&#x304;h,</marc:subfield>
  <marc:subfield code="d">730?-815?</marc:subfield>
</marc:datafield>
    <marc:datafield ind1="0" ind2="2" tag="700">
  <marc:subfield code="a">Lignie&#x300;res, Jean de.</marc:subfield>
</marc:datafield>
    <marc:datafield ind1="1" ind2=" " tag="700">
  <marc:subfield code="a">Stanitz, John D.,</marc:subfield>
  <marc:subfield code="e">former owner.</marc:subfield>
</marc:datafield>
    <marc:datafield ind1="0" ind2="2" tag="700">
  <marc:subfield code="a">Selder, Henricus.</marc:subfield>
</marc:datafield>
    <marc:datafield ind1="2" ind2=" " tag="710">
  <marc:subfield code="a">Lawrence J. Schoenberg Collection (University of Pennsylvania)</marc:subfield>
  <marc:subfield code="5">PU</marc:subfield>
</marc:datafield>
    <marc:datafield ind1="0" ind2="0" tag="773">
  <marc:subfield code="t">Lawrence J. Schoenberg Collection (University of Pennsylvania)</marc:subfield>
</marc:datafield>
    <marc:datafield ind1=" " ind2=" " tag="852">
  <marc:subfield code="b">Kislak Center for Special Collections, Rare Books and Manuscripts</marc:subfield>
  <marc:subfield code="a">University of Pennsylvania</marc:subfield>
  <marc:subfield code="e">3420 Walnut Street, Philadelphia, Pennsylvania 19104-6206.</marc:subfield>
  <marc:subfield code="j">LJS 174</marc:subfield>
</marc:datafield>
    <marc:datafield ind1="4" ind2="1" tag="856">
  <marc:subfield code="z">Digital facsimile for download (OPenn)</marc:subfield>
  <marc:subfield code="u">https://openn.library.upenn.edu/Data/0001/html/ljs174.html</marc:subfield>
</marc:datafield>
    <marc:datafield ind1="4" ind2="1" tag="856">
  <marc:subfield code="z">Video orientation</marc:subfield>
  <marc:subfield code="u">http://hdl.library.upenn.edu/1017.12/1333432</marc:subfield>
</marc:datafield>
    <marc:datafield ind1="4" ind2="1" tag="856">
  <marc:subfield code="z">Facsimile</marc:subfield>
  <marc:subfield code="u">http://hdl.library.upenn.edu/1017/d/medren/5029306</marc:subfield>
</marc:datafield>
    <marc:datafield ind1="4" ind2="2" tag="856">
  <marc:subfield code="3">The Lawrence J. Schoenberg and Barbara Brizdle Manuscript Initiative Fund Home Page</marc:subfield>
  <marc:subfield code="u">http://hdl.library.upenn.edu/1017.12/366278</marc:subfield>
</marc:datafield>
    <marc:datafield ind1="4" ind2="1" tag="856">
  <marc:subfield code="z">Digital facsimile for browsing (Colenda)</marc:subfield>
  <marc:subfield code="u">https://colenda.library.upenn.edu/catalog/81431-p3445hd03</marc:subfield>
</marc:datafield>
    <marc:datafield ind1=" " ind2=" " tag="994">
  <marc:subfield code="a">C0</marc:subfield>
  <marc:subfield code="b">PAULM</marc:subfield>
</marc:datafield>
    <marc:datafield ind1=" " ind2=" " tag="999">
  <marc:subfield code="a">DLA</marc:subfield>
  <marc:subfield code="b">20140107</marc:subfield>
</marc:datafield>
    <marc:holdings>
      <marc:holding>
        <marc:holding_id>22359700050003681</marc:holding_id>
        <marc:call_number>Oversize LJS 174</marc:call_number>
        <marc:library>KislakCntr</marc:library>
        <marc:location>scmss</marc:location>
      </marc:holding>
    </marc:holdings>
  </marc:record>
</marc:records>
